@misc{LaTeXpg,
author = "Nikos Dracos",
title = "Manual de LaTeX",
note = "http://www.fceia.unr.edu.ar/lcc/cdrom/\\Instalaciones/LaTex/latex.html"
}
@misc{PIpg,
title = "Informacion del numero pi",
note = "http://es.wikipedia.org/wiki/NC3BAmeroCF80"
}
